@inproceedings{xie2015edge,
  title={Edge-weighted personalized pagerank: Breaking a decade-old performance barrier},
  author={Xie, Wenlei and Bindel, David and Demers, Alan and Gehrke, Johannes},
  booktitle={Proceedings of the 21th ACM SIGKDD International Conference on Knowledge Discovery and Data Mining},
  pages={1325--1334},
  year={2015}
}

@inproceedings{gao2011semi,
  title={Semi-supervised ranking on very large graphs with rich metadata},
  author={Gao, Bin and Liu, Tie-Yan and Wei, Wei and Wang, Taifeng and Li, Hang},
  booktitle={Proceedings of the 17th ACM SIGKDD international conference on Knowledge discovery and data mining},
  pages={96--104},
  year={2011}
}

@article{brin1998anatomy,
  title={The anatomy of a large-scale hypertextual web search engine},
  author={Brin, Sergey and Page, Lawrence},
  year={1998}
}

@techreport{page1999pagerank,
  title={The pagerank citation ranking: Bringing order to the web.},
  author={Page, Lawrence and Brin, Sergey and Motwani, Rajeev and Winograd, Terry},
  year={1999},
  institution={Stanford InfoLab}
}

@misc{haveliwala2002topic,
  title={Topic-sensitive pagerank In: Proceedings of the 11th international conference on World Wide Web, 517--526.. ACM},
  author={Haveliwala, Taher H},
  year={2002}
}

@inproceedings{kolda2006tophits,
  title={The TOPHITS model for higher-order web link analysis},
  author={Kolda, Tamara and Bader, Brett},
  booktitle={Workshop on link analysis, counterterrorism and security},
  volume={7},
  pages={26--29},
  year={2006}
}

@inproceedings{richardson2002intelligent,
  title={The intelligent surfer: Probabilistic combination of link and content information in pagerank},
  author={Richardson, Matthew and Domingos, Pedro},
  booktitle={Advances in neural information processing systems},
  pages={1441--1448},
  year={2002}
}

@inproceedings{weng2010twitterrank,
  title={Twitterrank: finding topic-sensitive influential twitterers},
  author={Weng, Jianshu and Lim, Ee-Peng and Jiang, Jing and He, Qi},
  booktitle={Proceedings of the third ACM international conference on Web search and data mining},
  pages={261--270},
  year={2010}
}

@inproceedings{nie2005object,
  title={Object-level ranking: bringing order to web objects},
  author={Nie, Zaiqing and Zhang, Yuanzhi and Wen, Ji-Rong and Ma, Wei-Ying},
  booktitle={Proceedings of the 14th international conference on World Wide Web},
  pages={567--574},
  year={2005}
}

@inproceedings{feng2012incorporating,
  title={Incorporating heterogeneous information for personalized tag recommendation in social tagging systems},
  author={Feng, Wei and Wang, Jianyong},
  booktitle={Proceedings of the 18th ACM SIGKDD international conference on Knowledge discovery and data mining},
  pages={1276--1284},
  year={2012}
}

@inproceedings{backstrom2011supervised,
  title={Supervised random walks: predicting and recommending links in social networks},
  author={Backstrom, Lars and Leskovec, Jure},
  booktitle={Proceedings of the fourth ACM international conference on Web search and data mining},
  pages={635--644},
  year={2011}
}